@Book{ref1,
author = {Chapman, Barbara AND Jost, Gabriele AND van der Pas, Ruud},
title = {Using OpenMP : Portable Shared Memory Parallel Programming},
publisher = {The MIT Press},
year = {2007},
}

@Book{ref2,
author = {Gengler, Marc AND Ubéda, Stéphane AND Desprez, Frédéric},
title = {Initiation au Parallélisme: concepts, architectures et algorithmes},
publisher = {Masson},
year = {1996},
}


@Misc{proc,
author = {Intel Corporation},
title = {Intel Xeon Processor E5620 specification},
howpublished = {\url{http://ark.intel.com/products/47925/Intel-Xeon-Processor-E5620-12M-Cache-2_40-GHz-5_86-GTs-Intel-QPI}},
}

@Misc{Drepper,
author = {Drepper, Ulrich},
title = {What Every Programmer Should Know About Memory},
howpublished = {\url{https://people.freebsd.org/~lstewart/articles/cpumemory.pdf}},
year = {2007},
}










